<?xml version="1.0" encoding="UTF-8"?><collection><record><leader>05885ntm a2200649 a 4500</leader><controlfield tag="001">006832855</controlfield><controlfield tag="003">MiAaHDL</controlfield><controlfield tag="005">20190719000000.0</controlfield><controlfield tag="006">m        d        </controlfield><controlfield tag="007">cr bn ---auaua</controlfield><controlfield tag="008">090629s193u    xx            00| ||ara d</controlfield><datafield tag="035" ind1=" " ind2=" "><subfield code="a">(MiU)006832855</subfield></datafield><datafield tag="035" ind1=" " ind2=" "><subfield code="a">sdr-miu006832855</subfield></datafield><datafield tag="040" ind1=" " ind2=" "><subfield code="a">MiU</subfield><subfield code="c">MiU</subfield><subfield code="e">amremm</subfield></datafield><datafield tag="043" ind1=" " ind2=" "><subfield code="a">n-us-mi</subfield></datafield><datafield tag="100" ind1="1" ind2=" "><subfield code="6">880-01</subfield><subfield code="a">Fayḍ al-Kāshī, Muḥammad ibn Murtaḍá,</subfield><subfield code="d">1598 or 1599-1680 or 1681.</subfield></datafield><datafield tag="240" ind1="1" ind2="0"><subfield code="6">880-02</subfield><subfield code="a">Kalimāt al-maḍnūnah bi-hā ʻan ghayr ahlihā</subfield></datafield><datafield tag="245" ind1="1" ind2="3"><subfield code="6">880-03</subfield><subfield code="a">al-Ḥikmah al-maḍnūnah bi-hā ʻalá ghayr ahlihā,</subfield><subfield code="f">[193-?].</subfield></datafield><datafield tag="246" ind1="3" ind2="4"><subfield code="a">حكمة</subfield></datafield><datafield tag="246" ind1="3" ind2=" "><subfield code="i">Title from heading at opening of second section on p.10:</subfield><subfield code="a">شرح اصلاحات العرفانية</subfield></datafield><datafield tag="246" ind1="3" ind2=" "><subfield code="i">Title from 'title page' for second section on p.9:</subfield><subfield code="a">الحكمة الممنونة بها على اهلها المضنونة بها على غير اهلها</subfield></datafield><datafield tag="246" ind1="3" ind2=" "><subfield code="6">880-04</subfield><subfield code="i">Title from heading at opening on p.2:</subfield><subfield code="a">اصطلاحات السادة الصوفية</subfield></datafield><datafield tag="260" ind1=" " ind2=" "><subfield code="c">[193-?].</subfield></datafield><datafield tag="300" ind1=" " ind2=" "><subfield code="a">24 leaves :</subfield><subfield code="b">paper ;</subfield><subfield code="c">165 x 103 mm. bound to 172 x 108 mm.</subfield></datafield><datafield tag="500" ind1=" " ind2=" "><subfield code="a">Shelfmark: Ann Arbor, University of Michigan, Special Collections Library, Isl. Ms. 966</subfield></datafield><datafield tag="500" ind1=" " ind2=" "><subfield code="a">Origin: Lacks dated scribal colophon ; likely copied in Egypt in the late 1930s and bound for James Heyworth-Dunne (d.1974).</subfield></datafield><datafield tag="500" ind1=" " ind2=" "><subfield code="a">Former shelfmark: Mich. Isl. Ms. temp. no. 115</subfield></datafield><datafield tag="500" ind1=" " ind2=" "><subfield code="a">Binding: Boards covered in black textured cloth ; pastedowns and flyleaves in wove paper printed with a geometric pattern (resembling a scale pattern) in dull gold ; cover gold-stamped with "الحكمة" ; sewn in white thread over two recessed cords ; overall in fairly good condition.</subfield></datafield><datafield tag="500" ind1=" " ind2=" "><subfield code="a">Support: Machine laid and wove paper of a few types ; opening type (through p.8 and again pp.25-32) machine laid, lined, with watermark of "GOUVERNEMENT EGYPTIEN" with star and crescent at center and other smaller crescents with three stars (see pp.2, 4, etc. and compare Walz, "The Paper trade of Egypt and the Sudan," p.91) ; next type (pp.9-24, 33-40) also machine laid but unlined, no watermarks visible ; finally (p.41 to close) still another type, wove, unlined with same watermark of "GOUVERNEMENT EGYPTIEN" with star and crescent at center and other smaller crescents with three stars (see pp.42, 44, etc. and again compare Walz).</subfield></datafield><datafield tag="500" ind1=" " ind2=" "><subfield code="a">Decoration: Text executed entirely in red ink apart from that on pp.25-31, 39.</subfield></datafield><datafield tag="500" ind1=" " ind2=" "><subfield code="a">Script: Ruqʻah ; careful, compact hand in a medium to bold line ; serifless and freely ligatured with mainly closed counters, effect of inclination to the right and of words descending to baseline, pointing somewhat careless and in strokes rather than distinct dots.</subfield></datafield><datafield tag="500" ind1=" " ind2=" "><subfield code="a">Layout: Written in 17-22 lines per page.</subfield></datafield><datafield tag="500" ind1=" " ind2=" "><subfield code="a">Collation: i, 6 II(24), i ; exclusively binions ; pages between sections (corresponding to gatherings) left blank, some serving as 'title pages' (see pp.8,9, 17, 25) ; pagination in pencil, Western numerals, presumably supplied during digitization.</subfield></datafield><datafield tag="500" ind1=" " ind2=" "><subfield code="a">Explicit: "الوقوف الصادق الوقوف مع مراد الحق الزمرد النقي"</subfield></datafield><datafield tag="500" ind1=" " ind2=" "><subfield code="a">Incipit: "الغراب كناية عن جسم الكل الغنى الملك التام والغنى للذات لا يكون الا للحق اما الغني من العباد فهو من استغنى بالحق ...الظل هو الوجود الاضا في الظاهر ... ذو العقل هو الذي يرى الخلق ظاهرا والحق باطنا ..."</subfield></datafield><datafield tag="500" ind1=" " ind2=" "><subfield code="a">Title from inscription on 'title page' (p.1).</subfield></datafield><datafield tag="500" ind1=" " ind2=" "><subfield code="a">Ms. codex.</subfield></datafield><datafield tag="510" ind1="4" ind2=" "><subfield code="a">Walz, Terence. "The Paper trade of Egypt and the Sudan in the eighteenth and nineteenth centuries and its re-export to the Bilad as-Sudan." In The Trans-Saharan book trade: manuscript culture, Arabic literacy, and intellectual history in Muslim Africa. Graziano Krätli and Ghislaine Lydon, Eds. (Leiden : Brill, 2011):</subfield><subfield code="c">73-108.</subfield></datafield><datafield tag="510" ind1="4" ind2=" "><subfield code="a">Nājī Naṣrābādī, Muḥsin. Fihristʹhā-yi khvudnivisht-i Fayz̤ Kāshānī (1377/[1998]),</subfield><subfield code="c">p.220, no. 77</subfield></datafield><datafield tag="510" ind1="4" ind2=" "><subfield code="a">Mach, R. and E. Ormsby. Handlist (New Series),</subfield><subfield code="c">464</subfield></datafield><datafield tag="510" ind1="4" ind2=" "><subfield code="a">Brockelmann, C. GAL,</subfield><subfield code="c">S II 584 ; II 413</subfield></datafield><datafield tag="520" ind1="8" ind2=" "><subfield code="a">Careful copy of what may represent abridged excerpts from al-Kalimāt al-maḍnūnah bi-hā ʻan ghayr ahlihā by Muḥsin-i Fayz̤-i Kāshānī (d.1679) known as Mullā Muḥsin, a student of Mullā Ṣadrā Shīrāzī (d.1641).</subfield></datafield><datafield tag="538" ind1=" " ind2=" "><subfield code="a">Mode of access: Internet.</subfield></datafield><datafield tag="541" ind1=" " ind2=" "><subfield code="a">Acquired in the Fall of 1950.</subfield></datafield><datafield tag="546" ind1=" " ind2=" "><subfield code="a">Arabic.</subfield></datafield><datafield tag="561" ind1=" " ind2=" "><subfield code="a">On upper pastedown, label with ex libris of James Heyworth-Dunne (d.1974), stamped with inventory number, "Ex Libris | J. Heyworth-Dunne | D. Lit. (London) | No. 7911" ; UM Library inscription on p.3 "Dunning | Heyworth-Dunne | 6-13-51 | 71955" ; a few glosses.</subfield></datafield><datafield tag="650" ind1=" " ind2="0"><subfield code="a">Manuscripts, Arabic</subfield><subfield code="z">Michigan</subfield><subfield code="z">Ann Arbor.</subfield></datafield><datafield tag="650" ind1=" " ind2="0"><subfield code="a">Shīʻah</subfield><subfield code="x">Doctrines</subfield><subfield code="v">Early works to 1800.</subfield></datafield><datafield tag="650" ind1=" " ind2="0"><subfield code="a">Sufism</subfield><subfield code="x">Doctrines</subfield><subfield code="v">Early works to 1800.</subfield></datafield><datafield tag="700" ind1="1" ind2=" "><subfield code="a">Heyworth-Dunne, J.</subfield><subfield code="q">(James),</subfield><subfield code="e">former owner.</subfield></datafield><datafield tag="700" ind1="1" ind2="2"><subfield code="6">880-07</subfield><subfield code="a">Fayḍ al-Kāshī, Muḥammad ibn Murtaḍá,</subfield><subfield code="d">1598 or 1599-1680 or 1681.</subfield><subfield code="t">Kalimāt al-maḍnūnah bi-hā ʻan ghayr ahlihā.</subfield><subfield code="k">Abridgment.</subfield></datafield><datafield tag="773" ind1="0" ind2=" "><subfield code="a">Heyworth-Dunne Collection.</subfield></datafield><datafield tag="880" ind1="0" ind2="2"><subfield code="6">700-07/</subfield><subfield code="a">فيض الكاشي، محمد بن مرتضى.</subfield><subfield code="t">كلمات المضنونة بها عن غير اهلها.</subfield><subfield code="k">Abridgment</subfield></datafield><datafield tag="880" ind1="3" ind2=" "><subfield code="6">246-04/</subfield><subfield code="a">Iṣṭilāḥat al-sādah al-Ṣūfīyah</subfield></datafield><datafield tag="880" ind1="1" ind2="2"><subfield code="6">245-03/</subfield><subfield code="a">الحكمة المضنونة بها على غير اهلها,</subfield><subfield code="f">[193-م؟].</subfield></datafield><datafield tag="880" ind1="1" ind2="0"><subfield code="6">240-02/</subfield><subfield code="a">كلمات المضنونة بها عن غير اهلها</subfield></datafield><datafield tag="880" ind1="0" ind2=" "><subfield code="6">100-01/</subfield><subfield code="a">فيض الكاشي، محمد بن مرتضى.</subfield></datafield><datafield tag="CID" ind1=" " ind2=" "><subfield code="a">006832855</subfield></datafield><datafield tag="DAT" ind1="0" ind2=" "><subfield code="a">20190719102640.0</subfield><subfield code="b">20190719000000.0</subfield></datafield><datafield tag="DAT" ind1="1" ind2=" "><subfield code="a">20190719090653.0</subfield><subfield code="b">2019-07-19T16:12:23Z</subfield></datafield><datafield tag="DAT" ind1="2" ind2=" "><subfield code="a">2015-10-10T18:00:06Z</subfield></datafield><datafield tag="CAT" ind1=" " ind2=" "><subfield code="a">SDR-MIU</subfield><subfield code="d">EX LIBRIS - ALEPH</subfield><subfield code="l">prepare.pl-004-008</subfield></datafield><datafield tag="FMT" ind1=" " ind2=" "><subfield code="a">BK</subfield></datafield><datafield tag="HOL" ind1=" " ind2=" "><subfield code="0">sdr-miu006832855</subfield><subfield code="a">MiU</subfield><subfield code="b">SDR</subfield><subfield code="c">MIU</subfield><subfield code="p">mdp.39015079131473</subfield><subfield code="s">MIU</subfield><subfield code="1">006832855</subfield></datafield><datafield tag="974" ind1=" " ind2=" "><subfield code="b">MIU</subfield><subfield code="c">MIU</subfield><subfield code="d">20190719</subfield><subfield code="s">lit-dlps-dc</subfield><subfield code="u">mdp.39015079131473</subfield><subfield code="y">1939</subfield><subfield code="r">pd</subfield><subfield code="q">exp</subfield></datafield></record></collection>